@book{DBLP:series/sbcs/ChenMZL14,
  author    = {Min Chen and
               Shiwen Mao and
               Yin Zhang and
               Victor C. M. Leung},
  title     = {Big Data - Related Technologies, Challenges and Future Prospects},
  series    = {Springer Briefs in Computer Science},
  publisher = {Springer},
  year      = {2014},
  url       = {http://dx.doi.org/10.1007/978-3-319-06245-7},
  doi       = {10.1007/978-3-319-06245-7},
  isbn      = {978-3-319-06244-0},
  timestamp = {Tue, 06 May 2014 16:31:28 +0200},
  biburl    = {http://dblp.uni-trier.de/rec/bib/series/sbcs/ChenMZL14},
  bibsource = {dblp computer science bibliography, http://dblp.org}
}

@article{bigdata-challenges,
  author    = {Marcos Dias de Assun{\c{c}}{\~{a}}o and
               Rodrigo N. Calheiros and
               Silvia Bianchi and
               Marco Aur{\'{e}}lio Stelmar Netto and
               Rajkumar Buyya},
  title     = {Big Data Computing and Clouds: Challenges, Solutions, and Future Directions},
  journal   = {CoRR},
  volume    = {abs/1312.4722},
  year      = {2013},
  url       = {http://arxiv.org/abs/1312.4722},
  timestamp = {Mon, 06 Jan 2014 15:10:41 +0100},
  biburl    = {http://dblp.uni-trier.de/rec/bib/journals/corr/AssuncaoCBNB13},
  bibsource = {dblp computer science bibliography, http://dblp.org}
}

@inproceedings{DBLP:conf/bis/SchmidtMMPH14,
  author    = {Rainer Schmidt et. al.},
  title     = {Big Data as Strategic Enabler - Insights from Central European Enterprises},
  booktitle = {Business Information Systems - 17th International Conference, {BIS}
               2014, Larnaca, Cyprus, May 22-23, 2014. Proceedings},
  pages     = {50--60},
  year      = {2014},
  crossref  = {DBLP:conf/bis/2014},
  url       = {http://dx.doi.org/10.1007/978-3-319-06695-0_5},
  doi       = {10.1007/978-3-319-06695-0_5},
  timestamp = {Tue, 20 May 2014 11:37:47 +0200},
  biburl    = {http://dblp.dagstuhl.de/rec/bib/conf/bis/SchmidtMMPH14},
  bibsource = {dblp computer science bibliography, http://dblp.org}
}

@article{Gilbert:2002:BCF:564585.564601,
 author = {Gilbert, Seth and Lynch, Nancy},
 title = {Brewer's Conjecture and the Feasibility of Consistent, Available, Partition-tolerant Web Services},
 journal = {SIGACT News},
 issue_date = {June 2002},
 volume = {33},
 number = {2},
 month = jun,
 year = {2002},
 issn = {0163-5700},
 pages = {51--59},
 numpages = {9},
 url = {http://doi.acm.org/10.1145/564585.564601},
 doi = {10.1145/564585.564601},
 acmid = {564601},
 publisher = {ACM},
 address = {New York, NY, USA},
} 

@MISC{Nayak_typeof,
    author = {Ameya Nayak; Anil Poriya; Dikshay Poojary},
    title = {Type of NOSQL Databases and its Comparison with Relational Databases},
    journal = {IJAIS},
   year={2013},
   volumne={5 - No.4},
   ee = {http://citeseerx.ist.psu.edu/viewdoc/summary?doi=10.1.1.402.3372}
}

@inproceedings{DBLP:conf/services/GudivadaRR14,
  author    = {Venkat N. Gudivada and
               Dhana Rao and
               Vijay V. Raghavan},
  title     = {NoSQL Systems for Big Data Management},
  booktitle = {2014 {IEEE} World Congress on Services, {SERVICES} 2014, Anchorage,
               AK, USA, June 27 - July 2, 2014},
  pages     = {190--197},
  year      = {2014},
  crossref  = {DBLP:conf/services/2014},
  url       = {http://dx.doi.org/10.1109/SERVICES.2014.42},
  doi       = {10.1109/SERVICES.2014.42},
  timestamp = {Thu, 27 Nov 2014 16:56:25 +0100},
  biburl    = {http://dblp.dagstuhl.de/rec/bib/conf/services/GudivadaRR14},
  bibsource = {dblp computer science bibliography, http://dblp.org}
}

 @article{crime,
	author = {Shiju Sathyadevan, Devan M.S and Surya Gangadharan. S},
	title = {Crime Analysis and Prediction Using Data Mining},
	journal = {ICNSC},
	 doi = {10.1109/CNSC.2014.6906719},
	 publisher = {IEEE},
	 month = aug,
	 year = {2014}
}

 @article{healtcare,
	author = {Yubin and Shanka and  Byung-Hoon and Ghosh},
	title = {Graph databases for large-scale healthcare systems: A framework for efficient data management and data services},
	journal = {ICDEW},
	 doi = {10.1109/ICDEW.2014.6818295},
	 publisher = {IEEE},
	 month = march,
	 year = {2014}
}

 @article{genome,
	author = {Graves and Bergeman and Lawrence},
	title = {Graph database systems},
	volumne = {14},
	issue = {6},
	journal = {Engineering in Medicine and Biology Magazine, IEEE },
	 doi = {10.1109/51.473268},
	 publisher = {IEEE},
	 month = Nov/Dec,
	 year = {1995}
}

@inproceedings{comparision,
  author    = {Domingo De Abreu and
               Alejandro Flores and
               Guillermo Palma and
               Valeria Pestana and
               Jos{\'{e}} Pi{\~{n}}ero and
               Jonathan Queipo and
               Jos{\'{e}} S{\'{a}}nchez and
               Maria{-}Esther Vidal},
  title     = {Choosing Between Graph Databases and {RDF} Engines for Consuming and
               Mining Linked Data},
  booktitle = {Proceedings of the Fourth International Workshop on Consuming Linked
               Data, {COLD} 2013, Sydney, Australia, October 22, 2013},
  year      = {2013},
  crossref  = {DBLP:conf/semweb/2013cold},
  url       = {http://ceur-ws.org/Vol-1034/DeAbreuEtAl_COLD2013.pdf},
  timestamp = {Sat, 30 Nov 2013 11:20:58 +0100},
  biburl    = {http://dblp.uni-trier.de/rec/bib/conf/semweb/AbreuFPPPQSV13},
  bibsource = {dblp computer science bibliography, http://dblp.org}
}

@inproceedings{hyper,
  author    = {Borislav Iordanov},
  title     = {HyperGraphDB: {A} Generalized Graph Database},
  booktitle = {Web-Age Information Management - {WAIM} 2010 International Workshops:
               {IWGD} 2010, {XMLDM} 2010, {WCMT} 2010, Jiuzhaigou Valley, China,
               July 15-17, 2010, Revised Selected Papers},
  pages     = {25--36},
  year      = {2010},
  crossref  = {DBLP:conf/waim/2010w},
  url       = {http://dx.doi.org/10.1007/978-3-642-16720-1_3},
  doi       = {10.1007/978-3-642-16720-1_3},
  timestamp = {Tue, 23 Nov 2010 21:47:55 +0100},
  biburl    = {http://dblp.uni-trier.de/rec/bib/conf/waim/Iordanov10},
  bibsource = {dblp computer science bibliography, http://dblp.org}
}

 @article{n4j,
	author = {Hongcheng Huang and Ziyu Dong},
	title = {Research on architecture and query performance based on distributed graph database Neo4j},
	journal = {Consumer Electronics, Communications and Networks (CECNet)},
	 doi = {10.1109/CECNet.2013.6703387},
	 publisher = {IEEE},
	 month = Nov,
	 year = {2013}
}

 @article{dex,
	author = {Martinez-Bazan, N. and Gomez-Villamor, S. and Escale-Claveras, F},
	title = {DEX: A high-performance graph database management system},
	journal = {Data Engineering Workshops (ICDEW)},
	 doi = {10.1109/ICDEW.2011.5767616},
	 publisher = {IEEE},
	 month = april,
	 year = {2011}
}